
@ONLINE{roombaSite,
    AUTHOR = "iRobot",
    TITLE  = "Histórico",
    MONTH  = "Mar",
    YEAR   = "2022",
    URL    = "<https://www.irobot.com.br/About-iRobot/Company-information/History>"
}

@ONLINE{samsungBotChef,
    AUTHOR = "Samsung",
    TITLE  = "Get a Glimpse of the Next-generation Innovations on Display at Samsung’s Technology Showcase",
    MONTH  = "Feb",
    YEAR   = "2019",
    URL    = "<https://news.samsung.com/global/get-a-glimpse-of-the-next-generation-innovations-on-display-at-samsungs-technology-showcase>"
}

@ONLINE{pressHandy,
    AUTHOR = "Samsung",
    TITLE  = "Inteligência artificial, conectividade e personalização: as tendências da Samsung para os próximos anos",
    MONTH  = "Feb",
    YEAR   = "2021",
    URL    = "<https://news.samsung.com/br/inteligencia-artificial-conectividade-e-\\personalizacao-as-tendencias-da-samsung-para-os-proximos-anos>"
}

@ONLINE{infoHandy,
    AUTHOR = "Samsung",
    TITLE  = "[CES 2022] Samsung Research´s New Tech Trio ③ Samsung Bot Handy – Housework robot",
    MONTH  = "Jan",
    YEAR   = "2022",
    URL    = "<https://research.samsung.com/news/-CES-2022-Samsung-Research-New-Tech-Trio-Samsung-Bot-Handy-Housework-robot>"
}

@inproceedings{neuralNetworks2006,
  title={Neural networks for mobile robot navigation: a survey},
  author={Zou, An-Min and Hou, Zeng-Guang and Fu, Si-Yao and Tan, Min},
  booktitle={Advances in Neural Networks-ISNN 2006: Third International Symposium on Neural Networks, Chengdu, China, May 28-June 1, 2006, Proceedings, Part II 3},
  pages={1218--1226},
  year={2006},
  organization={Springer}
}

@article{deSouza2002,
  title={Vision for mobile robot navigation: A survey},
  author={DeSouza, Guilherme N and Kak, Avinash C},
  journal={IEEE transactions on pattern analysis and machine intelligence},
  volume={24},
  number={2},
  pages={237--267},
  year={2002},
  publisher={IEEE}
}

@article{deepLearning3D2021,
  title={Review of multi-view 3D object recognition methods based on deep learning},
  author={Qi, Shaohua and Ning, Xin and Yang, Guowei and Zhang, Liping and Long, Peng and Cai, Weiwei and Li, Weijun},
  journal={Displays},
  volume={69},
  pages={102053},
  year={2021},
  publisher={Elsevier}
}

@article{fronteiras2005,
  title={novas fronteiras na intelig{\^e}ncia Artificial e na rob{\'o}tica},
  author={Gudwin, Ricardo Ribeiro},
  journal={dincon’2005},
  pages={01--18},
  year={2005}
}

@article{brooks85,
  title={A robust layered control system for a mobile robot},
  author={Brooks, Rodney},
  journal={IEEE journal on robotics and automation},
  volume={2},
  number={1},
  pages={14--23},
  year={1986},
  publisher={IEEE}
}

@ONLINE{ode,
    AUTHOR = "Russ Smith",
    TITLE  = "Open Dynamics Engine",
    URL    = "<https://www.ode.org/>"
}

@inproceedings{drumwright2010,
  title={Extending open dynamics engine for robotics simulation},
  author={Drumwright, Evan and Hsu, John and Koenig, Nathan and Shell, Dylan},
  booktitle={Simulation, Modeling, and Programming for Autonomous Robots: Second International Conference, SIMPAR 2010, Darmstadt, Germany, November 15-18, 2010. Proceedings 2},
  pages={38--50},
  year={2010},
  organization={Springer}
}

@article{2DBansal:2021,
  title={2D object recognition: a comparative analysis of SIFT, SURF and ORB feature descriptors},
  author={Bansal, Monika and Kumar, Munish and Kumar, Manish},
  journal={Multimedia Tools and Applications},
  volume={80},
  pages={18839--18857},
  year={2021},
  publisher={Springer}
}

@article{deepLearningJiang:2019,
  title={Deep learning in object detection and recognition},
  author={Jiang, Xiaoyue and Hadid, Abdenour and Pang, Yanwei and Granger, Eric and Feng, Xiaoyi},
  year={2019},
  publisher={Springer}
}

@article{siftLowe:2004,
  title={Distinctive image features from scale-invariant keypoints},
  author={Lowe, David G},
  journal={International journal of computer vision},
  volume={60},
  pages={91--110},
  year={2004},
  publisher={Springer}
}

@inproceedings{usarsimCarpin:2007,
  title={USARSim: a robot simulator for research and education},
  author={Carpin, Stefano and Lewis, Mike and Wang, Jijun and Balakirsky, Stephen and Scrapper, Chris},
  booktitle={Proceedings 2007 IEEE International Conference on Robotics and Automation},
  pages={1400--1405},
  year={2007},
  organization={IEEE}
}

@article{aprendizadoHeinen:2010,
  title={Aprendizado e controle de rob{\^o}s m{\'o}veis aut{\^o}nomos utilizando aten{\c{c}}{\~a}o visual},
  author={Heinen, Milton Roberto and Engel, Paulo Martins},
  journal={Revista de inform{\'a}tica te{\'o}rica e aplicada. Porto Alegre. Vol. 17, n. 3 (2010), p. 349-363},
  year={2010}
}

@article{evolucaoHeinen:2006,
  title={Evolu{\c{c}}{\~a}o do caminhar de rob{\^o}s m{\'o}veis simulados utilizando algoritmos gen{\'e}ticos},
  author={Heinen, Milton Roberto and Os{\'o}rio, Fernando Santos},
  journal={Anais do XV Semin{\'a}rio de Computa{\c{c}}{\~a}o (Seminco), Blumenau, SC, Brazil, FURB Editora},
  volume={131},
  pages={142},
  year={2006}
}

@article{wanderingMiglino:1994,
  title={Selection for wandering behavior in a small robot},
  author={Miglino, Orazio and Nafasi, Kourosh and Taylor, Charles E},
  journal={Artificial Life},
  volume={2},
  number={1},
  pages={101--116},
  year={1994},
  publisher={MIT Press}
}

@article{pickSimulatorFarley:2022,
  title={How to pick a mobile robot simulator: A quantitative comparison of CoppeliaSim, Gazebo, MORSE and Webots with a focus on accuracy of motion},
  author={Farley, Andrew and Wang, Jie and Marshall, Joshua A},
  journal={Simulation Modelling Practice and Theory},
  volume={120},
  pages={102629},
  year={2022},
  publisher={Elsevier}
}

@book{practicalIndroductionNehmzow:2012,
  title={Mobile robotics: a practical introduction},
  author={Nehmzow, Ulrich},
  year={2012},
  publisher={Springer Science \& Business Media}
}

@book{mobileRoboticsJaulin:2019,
  title={Mobile robotics},
  author={Jaulin, Luc},
  year={2019},
  publisher={John Wiley \& Sons}
}

@book{mathematicsModelsKelly:2013,
  title={Mobile robotics: mathematics, models, and methods},
  author={Kelly, Alonzo},
  year={2013},
  publisher={Cambridge University Press}
}

@article{herbert:1988,
  title={Herbert: A second generation mobile robot},
  author={Brooks, Rodney A and Connell, Jonathan and Ning, Peter},
  year={1988}
}

@article{caesar:2012,
  title={Caesar: an intelligent domestic service robot},
  author={Schiffer, Stefan and Ferrein, Alexander and Lakemeyer, Gerhard},
  journal={Intelligent Service Robotics},
  volume={5},
  pages={259--273},
  year={2012},
  publisher={Springer}
}

@article{appleHarvesting:2020,
  title={Real-time fruit recognition and grasping estimation for robotic apple harvesting},
  author={Kang, Hanwen and Zhou, Hongyu and Wang, Xing and Chen, Chao},
  journal={Sensors},
  volume={20},
  number={19},
  pages={5670},
  year={2020},
  publisher={MDPI}
}

@article{strokeStatistics:2022,
  title={World Stroke Organization (WSO): global stroke fact sheet 2022},
  author={Feigin, Valery L and Brainin, Michael and Norrving, Bo and Martins, Sheila and Sacco, Ralph L and Hacke, Werner and Fisher, Marc and Pandian, Jeyaraj and Lindsay, Patrice},
  journal={International Journal of Stroke},
  volume={17},
  number={1},
  pages={18--29},
  year={2022},
  publisher={SAGE Publications Sage UK: London, England}
}

@article{postStroke:2019,
  title={Post-stroke rehabilitation},
  author={Whitehead, S and Baalbergen, E},
  journal={South African Medical Journal},
  volume={109},
  number={2},
  pages={81--83},
  year={2019}
}

@article{disabilityEUA:2021,
  title={National prevalence of disability and disability types among adults in the US, 2019},
  author={Varadaraj, Varshini and Deal, Jennifer A and Campanile, Jessica and Reed, Nicholas S and Swenor, Bonnielin K},
  journal={JAMA Network Open},
  volume={4},
  number={10},
  pages={e2130358--e2130358},
  year={2021},
  publisher={American Medical Association}
}

@article{palsyEffects:2020,
  title={Cerebral palsy: an overview},
  author={Vitrikas, Kirsten and Dalton, Heather and Breish, Dakota},
  journal={American family physician},
  volume={101},
  number={4},
  pages={213--220},
  year={2020}
}

@article{elaEffects:2020,
  title={Amyotrophic lateral sclerosis: a clinical review},
  author={Masrori, Pegah and Van Damme, Philip},
  journal={European journal of neurology},
  volume={27},
  number={10},
  pages={1918--1929},
  year={2020},
  publisher={Wiley Online Library}
}

@misc{omsDisability:2023,
  title = {Disability},
  author = {{WHO}},
  year = {2023},
  url = {<https://www.who.int/health-topics/disability>}
}

@article{palsyStatistcs:2022,
  title={Global prevalence of cerebral palsy: A systematic analysis},
  author={McIntyre, Sarah and Goldsmith, Shona and Webb, Annabel and Ehlinger, Virginie and Hollung, Sandra Julsen and McConnell, Karen and Arnaud, Catherine and Smithers-Sheedy, Hayley and Oskoui, Maryam and Khandaker, Gulam and others},
  journal={Developmental Medicine \& Child Neurology},
  volume={64},
  number={12},
  pages={1494--1506},
  year={2022},
  publisher={Wiley Online Library}
}

@article{alsStatistics:2020,
  title={Global variation in prevalence and incidence of amyotrophic lateral sclerosis: a systematic review and meta-analysis},
  author={Xu, Lu and Liu, Tanxin and Liu, Lili and Yao, Xiaoying and Chen, Lu and Fan, Dongsheng and Zhan, Siyan and Wang, Shengfeng},
  journal={Journal of neurology},
  volume={267},
  pages={944--953},
  year={2020},
  publisher={Springer}
}

@article{whoHousing:2018,
  title={WHO housing and health guidelines},
  author={{WHO} and others},
  year={2018},
  publisher={World Health Organization}
}

@article{elderlyMobility:2019,
  title={A systematic review of thirty-one assessment tests to evaluate mobility in older adults},
  author={Soubra, Racha and Chkeir, Aly and Novella, Jean-Luc},
  journal={BioMed research international},
  volume={2019},
  year={2019},
  publisher={Hindawi}
}

@book{mobileRobotsSiegwart:2011,
  title={Introduction to autonomous mobile robots},
  author={Siegwart, Roland and Nourbakhsh, Illah Reza and Scaramuzza, Davide},
  year={2011},
  publisher={MIT press}
}

@article{justina:2019,
  title={Pumas@Home 2019 Team Description Paper},
  author={Savage, Jesus and Martell, Reynaldo and Estrada, Hugo and  Cruz, Julio and  Negrete, Marco and
 Marquez, Jaime and  Pano, Manuel and  Martinez, Julio and  Cruz, Jesus and  Cruz Jose},
  journal={RoboCup@ Home},
  year={2019}
}

@book{instrumentacao:2013,
  title={Fundamentos De Instrumenta{\c{c}}{\~a}o},
  author={Aguirre, L.A.},
  isbn={9788581431833},
  year={2013},
  publisher={PEARSON BRASIL}
}

@book{softwareSommerville:2011, 
    place={São Paulo}, 
    title={Engenharia de Software}, 
    publisher={Pearson Prentice Hall}, 
    author={Sommerville, Ian}, 
    year={2011}
} 

@inproceedings{wheels:2018,
  title={Comparative analysis of mobile robot wheels design},
  author={Shabalina, Ksenia and Sagitov, Artur and Magid, Evgeni},
  booktitle={2018 11th International Conference on Developments in esystems Engineering (dese)},
  pages={175--179},
  year={2018},
  organization={IEEE}
}

@inproceedings{navegacaoSlam:2022,
  title={Implementation of a New-Optimized ROS-Based SLAM for Mobile Robot},
  author={Khnissi, Khaled and Jabeur, Chiraz Ben and Seddik, Hassene},
  booktitle={2022 IEEE Information Technologies \& Smart Industrial Systems (ITSIS)},
  pages={1--6},
  year={2022},
  organization={IEEE}
}

@inproceedings{navegacaoIA:2019,
  title={Mobile robot navigation based on deep reinforcement learning},
  author={Ruan, Xiaogang and Ren, Dingqi and Zhu, Xiaoqing and Huang, Jing},
  booktitle={2019 Chinese control and decision conference (CCDC)},
  pages={6174--6178},
  year={2019},
  organization={IEEE}
}

@ONLINE{roboCupSite:2023,
    AUTHOR = "RoboCup@Home",
    TITLE  = "About",
    YEAR   = "2023",
    URL    = "<https://athome.robocup.org/>"
}

@inproceedings{flexSurf:2011,
  title={Object recognition on a chip: A complete SURF-based system on a single FPGA},
  author={Schaeferling, Michael and Kiefer, Gundolf},
  booktitle={2011 International Conference on Reconfigurable Computing and FPGAs},
  pages={49--54},
  year={2011},
  organization={IEEE}
}

@ONLINE{turtleBot3Burger:2021,
    AUTHOR = "Bluetronics",
    TITLE  = "TurtleBot3 BURGER",
     YEAR   = "2021",
    URL    = "<https://bluetronics.co.in/product/turtlebot3-burger/"
}

@ONLINE{turtleBot2:2020,
    AUTHOR = "ROS.org",
    TITLE  = "TurtleBot",
    MONTH  = "Jan",
    YEAR   = "2020",
    URL    = "<http://wiki.ros.org/Robots/TurtleBot>"
}

@article{homeCare:2018,
  title={Logistica de assist{\^e}ncia domiciliar a Sa{\'u}de com base na experi{\^e}ncia do crer-centro de reabilita{\c{c}}{\~a}o e readapta{\c{c}}{\~a}o Dr. Henrique Santillo},
  author={Alves Resende, Caroline and Sampaio Teles, Luiz Carlos Junio and Rojas Alvarado, Alex Heriberto},
  journal={Caribe{\~n}a de Ciencias Sociales},
  number={agosto},
  year={2018}
}

@book{dsrBook:2015,
  title={Design science research},
  author={Dresch, Aline and Lacerda, Daniel Pacheco and Antunes Jr, Jos{\'e} Ant{\^o}nio Valle and Dresch, Aline and Lacerda, Daniel Pacheco and Antunes, Jos{\'e} Ant{\^o}nio Valle},
  year={2015},
  publisher={Springer}
}

@article{dsrIS:2004,
author = {Hevner, Alan and R, Alan and March, Salvatore and T, Salvatore and Park, and Park, Jinsoo and Ram, and Sudha,},
year = {2004},
month = {03},
pages = {75-},
title = {Design Science in Information Systems Research},
volume = {28},
journal = {Management Information Systems Quarterly}
}


@article{ttmTradeOff:2021,
  title={Time-to-market and product performance tradeoff revisited},
  author={Yassine, Ali and Souweid, Sally},
  journal={IEEE Transactions on Engineering Management},
  year={2021},
  publisher={IEEE}
}

@article{ttmConcurrent:2011,
  title={Time-to-market and concurrent engineering in product development processes},
  author={Belay, Alemu Moges and Kek{\"a}le, Tauno and Helo, Petri},
  journal={International journal of innovation and learning},
  volume={10},
  number={1},
  pages={60--84},
  year={2011},
  publisher={Inderscience Publishers}
}

@article{npdTTM:1996,
  title={New product development: The performance and time-to-market tradeoff},
  author={Cohen, Morris A and Eliasberg, Jehoshua and Ho, Teck-Hua},
  journal={Management Science},
  volume={42},
  number={2},
  pages={173--186},
  year={1996},
  publisher={INFORMS}
}

@article{SLAMDefinitionEvolution:2021,
  title={SLAM; definition and evolution},
  author={Taheri, Hamid and Xia, Zhao Chun},
  journal={Engineering Applications of Artificial Intelligence},
  volume={97},
  pages={104032},
  year={2021},
  publisher={Elsevier}
}

@article{SLAMTutorialII:2006,
  title={Simultaneous localization and mapping (SLAM): Part II},
  author={Bailey, Tim and Durrant-Whyte, Hugh},
  journal={IEEE robotics \& automation magazine},
  volume={13},
  number={3},
  pages={108--117},
  year={2006},
  publisher={IEEE}
}

@inproceedings{SLAMProblem:1991,
  title={Simultaneous map building and localization for an autonomous mobile robot.},
  author={Leonard, John J and Durrant-Whyte, Hugh F},
  booktitle={IROS},
  volume={3},
  pages={1442--1447},
  year={1991}
}

@inproceedings{SLAMReview:2015,
  title={Review on simultaneous localization and mapping (SLAM)},
  author={Khairuddin, Alif Ridzuan and Talib, Mohamad Shukor and Haron, Habibollah},
  booktitle={2015 IEEE international conference on control system, computing and engineering (ICCSCE)},
  pages={85--90},
  year={2015},
  organization={IEEE}
}

@article{lidarDetection:2019,
  title={Detection and tracking of pedestrians and vehicles using roadside LiDAR sensors},
  author={Zhao, Junxuan and Xu, Hao and Liu, Hongchao and Wu, Jianqing and Zheng, Yichen and Wu, Dayong},
  journal={Transportation research part C: emerging technologies},
  volume={100},
  pages={68--87},
  year={2019},
  publisher={Elsevier}
}

@inproceedings{lidarComparative:2021,
  title={A comparative survey of lidar-slam and lidar based sensor technologies},
  author={Khan, Misha Urooj and Zaidi, Syed Azhar Ali and Ishtiaq, Arslan and Bukhari, Syeda Ume Rubab and Samer, Sana and Farman, Ayesha},
  booktitle={2021 Mohammad Ali Jinnah University International Conference on Computing (MAJICC)},
  pages={1--8},
  year={2021},
  organization={IEEE}
}

@article{lidarProgress:2022,
  title={A progress review on solid-state LiDAR and nanophotonics-based LiDAR sensors},
  author={Li, Nanxi and Ho, Chong Pei and Xue, Jin and Lim, Leh Woon and Chen, Guanyu and Fu, Yuan Hsing and Lee, Lennon Yao Ting},
  journal={Laser \& Photonics Reviews},
  volume={16},
  number={11},
  pages={2100511},
  year={2022},
  publisher={Wiley Online Library}
}

@misc{ROS,
    AUTHOR = {{Stanford Artificial Intelligence Laboratory et al.}},
    TITLE  = "ROS",
    MONTH  = "May",
    YEAR   = "2018",
    URL    = "<https://www.ros.org>"
}

@inproceedings{gazeboDesigns:2004,
  title={Design and use paradigms for gazebo, an open-source multi-robot simulator},
  author={Koenig, Nathan and Howard, Andrew},
  booktitle={2004 IEEE/RSJ international conference on intelligent robots and systems (IROS)(IEEE Cat. No. 04CH37566)},
  volume={3},
  pages={2149--2154},
  year={2004},
  organization={IEEE}
}

@article{dpoom,
  title={An Open-Source Low-Cost Mobile Robot System With an RGB-D Camera and Efficient Real-Time Navigation Algorithm},
  author={Kim, Taekyung and Lim, Seunghyun and Shin, Gwanjun and Sim, Geonhee and Yun, Dongwon},
  journal={IEEE Access},
  volume={10},
  pages={127871--127881},
  year={2022},
  publisher={IEEE}
}

@inproceedings{lidarRGBD,
  title={ROS based autonomous mobile robot navigation using 2D LiDAR and RGB-D camera},
  author={Gatesichapakorn, Sukkpranhachai and Takamatsu, Jun and Ruchanurucks, Miti},
  booktitle={2019 First international symposium on instrumentation, control, artificial intelligence, and robotics (ICA-SYMP)},
  pages={151--154},
  year={2019},
  organization={IEEE}
}

@misc{modeloRobo,
    AUTHOR = "Sears-Collins, Addison",
    TITLE  = "How to Create a Simulated Mobile Robot in ROS 2 Using URDF",
    MONTH  = "September",
    YEAR   = "2021",
    URL    = "<https://automaticaddison.com/how-to-create-a-simulated-mobile-robot-in-ros-2-using-urdf/>"
}

@misc{aws,
    AUTHOR = {AWS},
    TITLE  = "AWS RoboMaker",
    YEAR   = "2023",
    URL    = "<https://aws.amazon.com/robomaker/>"
}

@misc{modeloAmbiente,
    AUTHOR = {AWS},
    TITLE  = "AWS RoboMaker Small House World ROS packager",
    MONTH  = "July",
    YEAR   = "2021",
    URL    = {<https://github.com/aws-robotics/aws-robomaker-small-house-world#aws-
    robomaker-small-house-world-ros-package>},
}

@InProceedings{nav2,
  title = {The Marathon 2: A Navigation System},
  author = {Macenski, Steve and Martín, Francisco and White, Ruffin and Ginés Clavero, Jonatan},
  year = {2020},
  booktitle = {2020 IEEE/RSJ International Conference on Intelligent Robots and Systems (IROS)},
  url = {<https://github.com/ros-planning/navigation2>},
  pdf = {<https://arxiv.org/abs/2003.00368>}
}

@article{slamtoolbox,
  title={SLAM Toolbox: SLAM for the dynamic world},
  author={Macenski, Steve and Jambrecic, Ivona},
  journal={Journal of Open Source Software},
  volume={6},
  number={61},
  pages={2783},
  year={2021}
}

@misc{qos,
    AUTHOR = {{Open Robotics}},
    TITLE  = "Quality of Service settings",
    YEAR   = "2023",
    URL    = "<https://docs.ros.org/en/humble/Concepts/Intermediate/About-Quality-of-Service-Settings.html>"
}

@misc{cyclone,
    AUTHOR = {{Open Robotics}},
    TITLE  = "Eclipse Cyclone DDS",
    YEAR   = "2023",
    URL    = "<https://docs.ros.org/en/humble/Installation/DDS-Implementations/
    Working-with-Eclipse-CycloneDDS.html>"
}

@inproceedings{testes,
  title={Software testing techniques: A literature review},
  author={Jamil, Muhammad Abid and Arif, Muhammad and Abubakar, Normi Sham Awang and Ahmad, Akhlaq},
  booktitle={2016 6th international conference on information and communication technology for the Muslim world (ICT4M)},
  pages={177--182},
  year={2016},
  organization={IEEE}
}

@article{rayyan,
author="Ouzzani, Mourad
and Hammady, Hossam
and Fedorowicz, Zbys
and Elmagarmid, Ahmed",
title="Rayyan---a web and mobile app for systematic reviews",
journal="Systematic Reviews",
year="2016",
volume="5",
number="1",
pages="210",
doi="10.1186/s13643-016-0384-4",
url="http://dx.doi.org/10.1186/s13643-016-0384-4"
}

@book{pressman,
  title={Engenharia de software-9},
  author={Pressman, Roger S and Maxim, Bruce R},
  year={2021},
  publisher={McGraw Hill Brasil}
}

@article{revisaoNarrativa,
  title={Designing the literature review: Historical, narrative, theoretical, integrative, and scoping reviews},
  author={Durai, Sheela},
  journal={Indian Journal of Continuing Nursing Education},
  volume={22},
  number={1},
  pages={75--79},
  year={2021},
  publisher={Medknow}
}

@article{revisaoSistematica,
  title={Systematic reviews and meta-analysis demystified},
  author={Ravindran, Vinod and Shankar, Subramanian},
  journal={Indian journal of rheumatology},
  volume={10},
  number={2},
  pages={89--94},
  year={2015},
  publisher={Elsevier}
}

@article{literaturas,
  title={Literature review as a research methodology: An overview and guidelines},
  author={Snyder, Hannah},
  journal={Journal of business research},
  volume={104},
  pages={333--339},
  year={2019},
  publisher={Elsevier}
}

@book{pmbok,
  title={ Guia PMBOK: Um Guia para o Conjunto de Conhecimentos em Gerenciamento de Projetos},
  author={PMI},
  year={2021},
  publisher={Project Management Institute}
}

@article{maeSoloDireito:2020,
  title={Mãe solteira não. Mãe solo! Considera{\c{c}}{\~o}es sobre maternidade, conjugalidade e sobrecarga feminina},
  author={Galvão, Lize Borges},
  journal={Revista Direito e Sexualidade},
  volume={1},
  number={1},
  year={2020}
}

@phdthesis{monoparentalidade:2013,
  title={Monoparentalidade feminina e seus desafios: um estudo exploratório},
  author={Baliana, Lívia Karla},
  year={2014},
  school={Universidade de Lisboa (Portugal)}
}

@misc{globoMaesSolos:2023,
    author = {G1},
    title = {Brasil tem mais de 11 milhões de mães que criam os filhos sozinhas},
    year = {2023},
    month = {5},
    url = {<https://g1.globo.com/bom-dia-brasil/noticia/2023/05/12/
    brasil-tem-mais-de-11-milhoes-de-maes-que-criam-os-filhos-sozinhas.ghtml>},
}

@article{precarizacao:2019,
  title={A precariza{\c{c}}{\~a}o e a informalidade no mercado de trabalho brasileiro.},
  author={Stehling, Matheus Alves},
  year={2019}
}

@article{wbl:2022,
  title={A systematic literature review of work-life balance using ADO model},
  author={Singh, Rosy and Aggarwal, Shalini and Sahni, Shalini},
  journal={FIIB Business Review},
  volume={12},
  number={3},
  pages={243--258},
  year={2023},
  publisher={SAGE Publications Sage India: New Delhi, India}
}

@misc{estatisticaBurnout:2023,
    author = {EM},
    title = {Síndrome de Burnout: Brasil é o segundo país com mais casos diagnosticados},
    year = {2023},
    month = {5},
    url = {<https://www.em.com.br/app/noticia/saude-e-bem-viver/2023/05/26/interna_bem_viver,1498977/
    sindrome-de-burnout-brasil-e-o-segundo-pais-com-mais-casos-diagnosticados.shtml>},
}

@article{seqlam:2020,
  title={Sequential Localizing and Mapping: A Navigation Strategy via Enhanced Subsumption Architecture},
  author={Othman, Kamal M and Rad, Ahmad B},
  journal={Sensors},
  volume={20},
  number={17},
  pages={4815},
  year={2020},
  publisher={MDPI}
}

@inproceedings{toroco:2022,
  title={Toroc{\'o}: A subsumption architecture implementation},
  author={Bettosini, Ignacio and Clavelli, Agust{\'\i}n and Barnech, Guillermo Trinidad and Visca, Jorge and Benavides, Facundo},
  booktitle={2022 8th International Conference on Automation, Robotics and Applications (ICARA)},
  pages={27--32},
  year={2022},
  organization={IEEE}
}

@inproceedings{geradorURDF:2019,
  title={URDF generator for manipulator robot},
  author={Kang, Yeon and Kim, Donghan and Kim, Kwangjin},
  booktitle={2019 Third IEEE International Conference on Robotic Computing (IRC)},
  pages={483--487},
  year={2019},
  organization={IEEE}
}

@article{geradorURDF:2022,
  title={An approach for automatic generation of the URDF file of modular robots from modules designed using SolidWorks},
  author={Feder, Maddalena and Giusti, Andrea and Vidoni, Renato},
  journal={Procedia Computer Science},
  volume={200},
  pages={858--864},
  year={2022},
  publisher={Elsevier}
}

@inproceedings{sdf:2019,
  title={A real-time dynamic simulator and an associated front-end representation format for simulating complex robots and environments},
  author={Munawar, Adnan and Wang, Yan and Gondokaryono, Radian and Fischer, Gregory S},
  booktitle={2019 IEEE/RSJ International Conference on Intelligent Robots and Systems (IROS)},
  pages={1875--1882},
  year={2019},
  organization={IEEE}
}